%%%%%%%%%%% mybib.bib %%%%%%%%%%%%%%%%%%%
@article{attwood2005people,
  title={What do people do with porn? Qualitative research into the comsumption, use, and experience of pornography and other sexually explicit media},
  author={Attwood, Feona},
  journal={Sexuality and culture},
  volume={9},
  number={2},
  pages={65--86},
  year={2005},
  publisher={Springer}
}

@article{malamuth2000pornography,
  title={Pornography and sexual aggression: Are there reliable effects and can we understand them?},
  author={Malamuth, Neil M and Addison, Tamara and Koss, Mary},
  journal={Annual review of sex research},
  volume={11},
  number={1},
  pages={26--91},
  year={2000},
  publisher={Taylor \& Francis}
}

@book{united1986attorney,
  title={Attorney General's Commission on Pornography},
  author={United States, Attorney General's Commission on Pornography},
  volume={1},
  year={1986},
  publisher={US Department of Justice}
}

@article{barron2000sexual,
  title={Sexual violence in three pornographic media: Toward a sociological explanation},
  author={Barron, Martin and Kimmel, Michael},
  journal={Journal of Sex Research},
  volume={37},
  number={2},
  pages={161--168},
  year={2000},
  publisher={Taylor \& Francis}
}

@book{russell1993against,
  title={Against pornography: The evidence of harm},
  author={Russell, Diana EH},
  year={1993},
  publisher={Russell Publications}
}

@article{senn1993women,
  title={Women's multiple perspectives and experiences with pornography},
  author={Senn, Charlene Y},
  journal={Psychology of Women Quarterly},
  volume={17},
  number={3},
  pages={319--341},
  year={1993},
  publisher={SAGE Publications Sage CA: Los Angeles, CA}
}

@article{wright2020adolescent,
  title={Adolescent condom use, parent-adolescent sexual health communication, and pornography: Findings from a US probability sample},
  author={Wright, Paul J and Herbenick, Debby and Paul, Bryant},
  journal={Health communication},
  volume={35},
  number={13},
  pages={1576--1582},
  year={2020},
  publisher={Taylor \& Francis}
}

@article{weinberg2010pornography,
  title={Pornography, normalization, and empowerment},
  author={Weinberg, Martin S and Williams, Colin J and Kleiner, Sibyl and Irizarry, Yasmiyn},
  journal={Archives of sexual behavior},
  volume={39},
  number={6},
  pages={1389--1401},
  year={2010},
  publisher={Springer}
}

@article{boies2002university,
  title={UNIVERSITY STUDENTS'USES OF AND REACTIONS TO ONLINE SEXUAL INFORMATION AND ENTERTAINMENT: LINKS TO ONLINE AND OFFLINE SEXUAL BEHAVIOUR.},
  author={Boies, Sylvain C},
  journal={Canadian Journal of Human Sexuality},
  volume={11},
  number={2},
  year={2002}
}

@article{sabina2008nature,
  title={The nature and dynamics of Internet pornography exposure for youth},
  author={Sabina, Chiara and Wolak, Janis and Finkelhor, David},
  journal={CyberPsychology \& Behavior},
  volume={11},
  number={6},
  pages={691--693},
  year={2008},
  publisher={Mary Ann Liebert, Inc. 140 Huguenot Street, 3rd Floor New Rochelle, NY 10801~…}
}

@article{herbenick2020diverse,
  title={Diverse sexual behaviors and pornography use: Findings from a nationally representative probability survey of Americans aged 18 to 60 years},
  author={Herbenick, Debby and Fu, Tsung-Chieh and Wright, Paul and Paul, Bryant and Gradus, Ronna and Bauer, Jill and Jones, Rashida},
  journal={The journal of sexual medicine},
  volume={17},
  number={4},
  pages={623--633},
  year={2020},
  publisher={Elsevier}
}

@article{wright2011mass,
  title={Mass media effects on youth sexual behavior assessing the claim for causality},
  author={Wright, Paul J},
  journal={Annals of the International Communication Association},
  volume={35},
  number={1},
  pages={343--385},
  year={2011},
  publisher={Taylor \& Francis}
}

@book{gagnon2017sexual,
  title={Sexual conduct: The social sources of human sexuality},
  author={Gagnon, John H and Simon, William},
  year={2017},
  publisher={Routledge}
}

@article{bridges2016sexual,
  title={Sexual scripts and the sexual behavior of men and women who use pornography},
  author={Bridges, Ana J and Sun, Chyng F and Ezzell, Matthew B and Johnson, Jennifer},
  journal={Sexualization, Media, \& Society},
  volume={2},
  number={4},
  pages={2374623816668275},
  year={2016},
  publisher={SAGE Publications Sage CA: Los Angeles, CA}
}

@article{wright2013internet,
  title={Internet pornography exposure and women's attitude towards extramarital sex: An exploratory study},
  author={Wright, Paul J},
  journal={Communication Studies},
  volume={64},
  number={3},
  pages={315--336},
  year={2013},
  publisher={Taylor \& Francis}
}

@article{kiss2019understanding,
  title={Understanding the believability and erotic value of ‘heterosexual’men in gay pornography},
  author={Kiss, Mark and Morrison, Todd G and Parker, Kandice},
  journal={Porn Studies},
  volume={6},
  number={2},
  pages={169--192},
  year={2019},
  publisher={Taylor \& Francis}
}

@article{escoffier2003gay,
  title={Gay-for-pay: Straight men and the making of gay pornography},
  author={Escoffier, Jeffrey},
  journal={Qualitative Sociology},
  volume={26},
  number={4},
  pages={531--555},
  year={2003},
  publisher={Springer}
}

@misc{jenkins2021_pornograpy, 
    title={Pornography}, 
    journal={Encyclopædia Britannica}, 
    publisher={Encyclopædia Britannica, inc.}, 
    author={Jenkins, John Philip}, 
    year={2021}, 
    month={Aug},
    note = {Letöltés ideje: 2021.10.19., Letöltés helye: https://www.britannica.com/topic/pornography}
} 

@misc{pornhub2021,
    author={pornhub.com}, 
    year = {s\.a\.},
    journal={Pornhub},
    note = {Letöltés ideje: 2021.10.19., Letöltés helye: http://www.pornhub.com/}
} 

@misc{semrush_2021,
    author={semrush.com},
    journal={Semrush}, 
    year={2021},
    note = {Letöltés ideje: 2021.10.19., Letöltés helye: https://www.semrush.com/analytics/traffic/overview/pornhub.com}
} 

@misc{fred_2021, 
    author={FRED}, 
    year={2021}, 
    month={Nov},
    note = {Letöltés ideje: 2021.10.19., Letöltés helye: https://fred.stlouisfed.org/series/POPTHM}
} 

@misc{gss_2021,
  doi = {10.3886/ICPSR36797.V1},
  url = {http://www.icpsr.umich.edu/icpsrweb/ICPSR/studies/36797/version/1},
  author = {Smith,  Tom W. and Hout,  Michael and Marsden,  Peter V.},
  language = {en},
  title = {General Social Survey,  1972-2016 (Cumulative File)},
  journal = {General Social Survey Series},
  publisher = {ICPSR - Interuniversity Consortium for Political and Social Research},
  year = {2017},
  note = {Letöltve: 2021.10.19.}
}

%%%%%%%%%%%%% end %%%%%%%%%%%%%%%%%%%%%%